% Encoding: windows-1252

@Misc{ESP_Boot_mode,
  title = {esp8266-wiki - Boot Process},
  year  = {2018},
  url   = {https://github.com/esp8266/esp8266-wiki/wiki/Boot-Process},
}

@Manual{Datasheet_ADS,
  title  = {ADS1299-x Low-Noise, 4-, 6-, 8-Channel, 24-Bit, Analog-to-Digital Converter for EEG and Biopotential Measurements},
  author = {{Texas Instrument}},
  year   = {2018},
  url    = {www.ti.com/lit/ds/symlink/ads1299.pdf},
}

@Misc{ESP_Pinout,
  year  = {2018},
  owner = {http://www.instructables.com},
  url   = {http://www.instructables.com/id/GETTING-STARTED-WITH-IoT-With-ESP8266-MicroControl/},
}

@Manual{Datasheet_ESP,
  title  = {ESP-12E WiFi Module},
  author = {{AI-Thinker}},
  year   = {2018},
  url    = {https://www.kloppenborg.net/images/blog/esp8266/esp8266-esp12e-specs.pdf},
}

@Manual{Datasheet_BT,
  title  = {Simblee RFD77101},
  author = {Simblee},
  year   = {2018},
  url    = {https://www.mouser.com/ds/2/470/Simblee%20RFD77101%20Datasheet%20v1.0-786079.pdf},
}

@Misc{Texas_Instrument,
  author = {{Texas Instrument}},
  year   = {2018},
  url    = {http://www.ti.com},
}

@Misc{STMicroelectronic,
  author = {STMicroelectronics},
  year   = {2018},
  url    = {http://www.st.com},
}

@Manual{Datasheet_STM,
  title  = {STM32F405xx and STM32F407xx},
  author = {{STMicroelectronics}},
  year   = {2018},
  url    = {http://www.st.com/content/ccc/resource/technical/document/datasheet/ef/92/76/6d/bb/c2/4f/f7/DM00037051.pdf/files/DM00037051.pdf/jcr:content/translations/en.DM00037051.pdf},
}

@Manual{Datasheet_3.3,
  title  = {AZ1117C},
  author = {{Diodes Incorporated}},
  year   = {2018},
  url    = {https://www.mouser.es/datasheet/2/115/AZ1117C-1147948.pdf},
}

@Manual{Datasheet_5,
  title  = {150 mA Ultra-Low Quiescent Current, Capacitorless LDO Regulator},
  author = {Microchip},
  year   = {2018},
  url    = {http://www.microchip.com/mymicrochip/filehandler.aspx?ddocname=en574465},
}

@Misc{Reguladores_voltaje,
  author = {{Electr\'onica Unicrom}},
  title  = {Reguladores de voltaje monol\'iticos},
  year   = {2016},
  url    = {https://unicrom.com/reguladores-de-voltaje-monoliticos/},
}

@Manual{Guia_Oscilador,
  title        = {Oscillator design guide for STM8S, STM8A and STM32 microcontrollers},
  author       = {{STM Electronics}},
  organization = {{STM Electronics}},
  month        = aug,
  year         = {2015},
  url          = {http://www.st.com/content/ccc/resource/technical/document/application_note/c6/eb/5e/11/e3/69/43/eb/CD00221665.pdf/files/CD00221665.pdf/jcr:content/translations/en.CD00221665.pdf},
}

@Misc{Kicad,
  title = {Kicad EDA},
  year  = {2018},
  url   = {http://kicad-pcb.org/},
}

@Manual{ITEAD_PCB_Limitations,
  title        = {Normal Condition of PCB capabilities},
  organization = {{ITEAD Studio}},
  year         = {2018},
  url          = {http://support.iteadstudio.com/support/solutions/articles/1000156313-normal-condition-of-pcb-capabilities},
}

@Misc{Imagen_0603,
  title = {10k Ohm 0603 Resistor},
  year  = {2018},
  url   = {Unique-Leds.com},
}

@Misc{STM32_Prior_to_start,
  author = {Shawon Shahryiar},
  title  = {STM32 - Prior to start},
  month  = dec,
  year   = {2014},
  url    = {http://embedded-lab.com/blog/stm32-prior-to-start/},
}

@Misc{Program_STM,
  author = {tilz0R},
  title  = {Program STM32F4 with UART},
  year   = {2015},
  url    = {http://stm32f4-discovery.net/2014/09/program-stm32f4-with-uart/},
}

@Misc{Getting_started_ESP,
  author = {brian},
  title  = {Getting Started with the ESP8266},
  month  = jun,
  year   = {2017},
  url    = {http://pratumlabs.com/blog/2017/06/getting-started-with-the-esp8266/},
}

@Comment{jabref-meta: databaseType:bibtex;}

}
